<?xml version="1.0" encoding="UTF-8"?>
<record xmlns="http://www.loc.gov/MARC21/slim">
   <leader>02155cam a2200385 a 4500</leader>
   <controlfield tag="001">620099</controlfield>
   <controlfield tag="003">NjP</controlfield>
   <controlfield tag="005">20190705141043.0</controlfield>
   <controlfield tag="008">900213q19801989ir            000 0 ara d</controlfield>
   <datafield tag="024" ind1="7" ind2=" ">
      <subfield code="a">princeton_aco004392</subfield>
      <subfield code="2">local</subfield>
   </datafield>
   <datafield ind1=" " ind2=" " tag="040">
      <subfield code="a">NjP</subfield>
      <subfield code="c">PUL</subfield>
      <subfield code="d">PUL</subfield>
   </datafield>
   <datafield ind1=" " ind2=" " tag="035">
      <subfield code="a">(CStRLIN)NJPG90-B7097</subfield>
   </datafield>
   <datafield ind1=" " ind2=" " tag="035">
      <subfield code="9">ACV6233TS</subfield>
   </datafield>
   <datafield ind1=" " ind2=" " tag="035">
      <subfield code="a">(NjP)620099</subfield>
   </datafield>
   <datafield ind1=" " ind2=" " tag="049">
      <subfield code="a">PULL</subfield>
   </datafield>
   <datafield ind1=" " ind2=" " tag="019">
      <subfield code="a">36865064</subfield>
   </datafield>
   <datafield ind1=" " ind2=" " tag="035">
      <subfield code="a">(OCoLC)ocm20851518</subfield>
      <subfield code="z">(OCoLC)ocm36865064</subfield>
   </datafield>
   <datafield ind1="1" ind2=" " tag="100">
      <subfield code="6">880-01</subfield>
      <subfield code="a">Ibn al-Muṭahhar al-Ḥillī, al-Ḥasan ibn Yūsuf,</subfield>
      <subfield code="d">1250-1325.</subfield>
      <subfield code="0">http://id.loc.gov/authorities/names/n84166554</subfield>
   </datafield>
   <datafield ind1="1" ind2="0" tag="245">
      <subfield code="6">880-02</subfield>
      <subfield code="a">Kashf al-murād fī sharḥ Tajrīd al-iʻtiqād /</subfield>
      <subfield code="c">lil-ʻālim Jamāl al-Dīn Abū Manṣūr al-Ḥasan ibn Yūsuf Ibn al-Muṭahhar al-Ḥillī.</subfield>
   </datafield>
   <datafield ind1=" " ind2=" " tag="260">
      <subfield code="6">880-03</subfield>
      <subfield code="a">Qum :</subfield>
      <subfield code="b">Maktabat al-Muṣṭafawī,</subfield>
      <subfield code="c">[198-]</subfield>
   </datafield>
   <datafield ind1=" " ind2=" " tag="300">
      <subfield code="a">351 p. ;</subfield>
      <subfield code="c">24 cm.</subfield>
   </datafield>
   <datafield ind1="1" ind2="0" tag="600">
      <subfield code="6">880-04</subfield>
      <subfield code="a">Ṭūsī, Naṣīr al-Dīn Muḥammad ibn Muḥammad,</subfield>
      <subfield code="d">1201-1274.</subfield>
      <subfield code="t">Tajrīd al-iʻtiqād.</subfield>
      <subfield code="0">http://id.loc.gov/authorities/names/n99046790</subfield>
   </datafield>
   <datafield ind1=" " ind2="0" tag="650">
      <subfield code="a">God (Islam)</subfield>
      <subfield code="0">http://id.loc.gov/authorities/subjects/sh85055570</subfield>
   </datafield>
   <datafield ind1=" " ind2="0" tag="650">
      <subfield code="a">Ismailites.</subfield>
      <subfield code="0">http://id.loc.gov/authorities/subjects/sh85068625</subfield>
   </datafield>
   <datafield ind1=" " ind2="0" tag="650">
      <subfield code="a">Islam</subfield>
      <subfield code="x">Doctrines.</subfield>
      <subfield code="0">http://id.loc.gov/authorities/subjects/sh85068396</subfield>
   </datafield>
   <datafield ind1="1" ind2="2" tag="700">
      <subfield code="6">880-05</subfield>
      <subfield code="a">Ṭūsī, Nāṣir al-Dīn Muḥammad ibn Muḥammad,</subfield>
      <subfield code="d">1201-1274.</subfield>
      <subfield code="t">Tajrīd al-iʻtiqād.</subfield>
      <subfield code="f">1980.</subfield>
   </datafield>
   <datafield ind1="1" ind2=" " tag="880">
      <subfield code="6">100-01/r</subfield>
      <subfield code="a">ابن المطهر الحلي، الحسن بن يوسف،</subfield>
      <subfield code="d">1250-1325.</subfield>
   </datafield>
   <datafield ind1="1" ind2="0" tag="880">
      <subfield code="6">245-02/r</subfield>
      <subfield code="a">كشف المراد في شرح تجريد الاعتقاد /</subfield>
      <subfield code="c">للعالم جمال الدين ابو منصور الحسن بن يوسف ابن المطهر الحلي.</subfield>
   </datafield>
   <datafield ind1=" " ind2=" " tag="880">
      <subfield code="6">260-03/r</subfield>
      <subfield code="a">قم :</subfield>
      <subfield code="b">مكتبة المصطفوي،</subfield>
      <subfield code="c">[198-]</subfield>
   </datafield>
   <datafield ind1="1" ind2="0" tag="880">
      <subfield code="6">600-04/r</subfield>
      <subfield code="a">طوسي، نصير الدين محمد بن محمد،</subfield>
      <subfield code="d">1201-1274.</subfield>
      <subfield code="t">تجريد الاعتقاد.</subfield>
   </datafield>
   <datafield ind1="1" ind2="2" tag="880">
      <subfield code="6">700-05/r</subfield>
      <subfield code="a">طوسي، ناصير الدين محمد بن محمد،</subfield>
      <subfield code="d">1201-1274.</subfield>
      <subfield code="t">تجريد الاعتقاد.</subfield>
      <subfield code="f">1980.</subfield>
   </datafield>
   <datafield ind1=" " ind2=" " tag="998">
      <subfield code="a">02/19/90</subfield>
      <subfield code="s">9114</subfield>
      <subfield code="n">NjP</subfield>
      <subfield code="w">NJPG90B7097</subfield>
      <subfield code="d">02/13/90</subfield>
      <subfield code="c">JAB</subfield>
      <subfield code="b">JAB</subfield>
      <subfield code="i">900219</subfield>
      <subfield code="l">NJPG</subfield>
   </datafield>
   <datafield ind1=" " ind2=" " tag="911">
      <subfield code="a">19921028</subfield>
   </datafield>
   <datafield ind1=" " ind2=" " tag="912">
      <subfield code="a">19910104000000.0</subfield>
   </datafield>
   <datafield ind1=" " ind2=" " tag="994">
      <subfield code="a">C0</subfield>
      <subfield code="b">PUL</subfield>
   </datafield>
   <datafield ind1=" " ind2=" " tag="999">
      <subfield code="a">620099</subfield>
   </datafield>
   <datafield ind1=" " ind2=" " tag="979">
      <subfield code="a">(OCoLC)ocn176054330</subfield>
   </datafield>
   <datafield ind1="8" ind2="0" tag="852">
      <subfield code="0">680505</subfield>
      <subfield code="b">rcppa</subfield>
      <subfield code="t">1</subfield>
      <subfield code="h">2272.7015.741 1980</subfield>
      <subfield code="x">tr fr f</subfield>
   </datafield>
   <datafield ind1=" " ind2=" " tag="959">
      <subfield code="a">2000-06-13 00:00:00 -0500</subfield>
   </datafield>
</record>
